
@article {anderegg2015,
author = {Anderegg, William R. L.},
title = {Spatial and temporal variation in plant hydraulic traits and their relevance for climate change impacts on vegetation},
journal = {New Phytologist},
volume = {205},
number = {3},
issn = {1469-8137},
doi = {10.1111/nph.12907},
pages = {1008--1014},
keywords = {biosphere–atmosphere interactions, climate change, ecosystem shift, forest mortality, tree physiology, vegetation model},
year = {2015},
note = {2014-17350},
}

@article{bartlett2016,
author = {Bartlett, Megan K. and Klein, Tamir and Jansen, Steven and Choat, Brendan and Sack, Lawren}, 
title = {The correlations and sequence of plant stomatal, hydraulic, and wilting responses to drought},
volume = {113}, 
number = {46}, 
pages = {13098-13103}, 
year = {2016}, 
doi = {10.1073/pnas.1604088113}, 
URL = {http://www.pnas.org/content/113/46/13098},
journal = {Proceedings of the National Academy of Sciences} 
}
@article{bonan2011,
author={Bonan,Gordon B. and Lawrence,Peter J. and Oleson,Keith W. and Levis,Samuel and Jung,Martin and Reichstein,Markus and Lawrence,David M. and Swenson,Sean C.},
year={2011},
title={Improving canopy processes in the Community Land Model version 4 ({CLM}4) using global flux fields empirically inferred from FLUXNET data},
journal={Journal of Geophysical Research},
volume={116},
keywords={Earth Sciences; Geobiology; Biogeochemistry; Biosphere; Atmosphere; Carbon; Hydrology; Evapotranspiration},
isbn={21698953},
language={English},
url={http://dx.doi.org/10.1029/2010JG001593},
doi={10.1029/2010JG001593},
}
@Article{bonan2014,
AUTHOR = {Bonan, G. B. and Williams, M. and Fisher, R. A. and Oleson, K. W.},
TITLE = {Modeling stomatal conductance in the earth system: linking leaf water-use efficiency and water transport along the soil-plant-atmosphere continuum},
JOURNAL = {Geoscientific Model Development},
VOLUME = {7},
YEAR = {2014},
NUMBER = {5},
PAGES = {2193--2222},
URL = {https://www.geosci-model-dev.net/7/2193/2014/},
DOI = {10.5194/gmd-7-2193-2014}
}
@article {celia1990,
author = {Celia, Michael A. and Bouloutas, Efthimios T. and Zarba, Rebecca L.},
title = {A general mass-conservative numerical solution for the unsaturated flow equation},
journal = {Water Resources Research},
volume = {26},
number = {7},
issn = {1944-7973},
doi = {10.1029/WR026i007p01483},
pages = {1483--1496},
keywords = {Groundwater/surface water interaction, Hydrologic scaling, Soil moisture},
year = {1990},
}

@Article{christoffersen2016,
AUTHOR = {Christoffersen, B. O. and Gloor, M. and Fauset, S. and Fyllas, N. M. and Galbraith, D. R. and Baker, T. R. and Kruijt, B. and Rowland, L. and Fisher, R. A. and Binks, O. J. and Sevanto, S. and Xu, C. and Jansen, S. and Choat, B. and Mencuccini, M. and McDowell, N. G. and Meir, P.},
TITLE = {Linking hydraulic traits to tropical forest function in a size-structured and trait-driven model (TFS~v.1-Hydro)},
JOURNAL = {Geoscientific Model Development},
VOLUME = {9},
YEAR = {2016},
NUMBER = {11},
PAGES = {4227-4255},
URL = {http://www.geosci-model-dev.net/9/4227/2016/},
DOI = {10.5194/gmd-9-4227-2016}
}
@article {clapp1978,
author = {Clapp, Roger B. and Hornberger, George M.},
title = {Empirical equations for some soil hydraulic properties},
journal = {Water Resources Research},
volume = {14},
number = {4},
issn = {1944-7973},
url = {http://dx.doi.org/10.1029/WR014i004p00601},
doi = {10.1029/WR014i004p00601},
pages = {601--604},
keywords = {Soil moisture},
year = {1978},
}

@article{COLLATZ1991,
title = "Physiological and environmental regulation of stomatal conductance, photosynthesis and transpiration: a model that includes a laminar boundary layer",
journal = "Agricultural and Forest Meteorology",
volume = "54",
number = "2",
pages = "107 - 136",
year = "1991",
issn = "0168-1923",
doi = "http://dx.doi.org/10.1016/0168-1923(91)90002-8",
url = "http://www.sciencedirect.com/science/article/pii/0168192391900028",
author = "G.James Collatz and J.Timothy Ball and Cyril Grivet and Joseph A Berry",
}
@article{dacosta2013,
author = { Antonio C.L.   da Costa  and  Daniel B.   Metcalfe  and  Chris E.   Doughty  and  Alexandre A.R.   de Oliveira  and  Guilherme F.C.   Neto  and  Mauricio C.   da Costa  and  João de Athaydes   Silva Junior  and  Luiz E.O.C.   Aragão  and  Samuel   Almeida  and  David R.   Galbraith  and  Lucy M.   Rowland  and  Patrick   Meir  and  Yadvinder   Malhi },
title = {Ecosystem respiration and net primary productivity after 8–10 years of experimental through-fall reduction in an eastern Amazon forest},
journal = {Plant Ecology \& Diversity},
volume = {7},
number = {1-2},
pages = {7-24},
year = {2014},
doi = {10.1080/17550874.2013.798366},
}



@article{dai2004,
author={Dai,Yongjiu and Dickinson,Robert E. and Wang, Ying-Ping},
year={2004},
month={Jun 15},
title={A two-big-leaf model for canopy temperature, photosynthesis, and stomatal conductance},
journal={Journal of Climate},
volume={17},
number={12},
pages={2281-2299},
doi={10.1175/1520-0442(2004)017$<$2281:ATMFCT$>$2.0.CO;2},
language={English},
}
@article{10.2307/40661500,
 ISSN = {0028646X, 14698137},
 URL = {http://www.jstor.org/stable/40661500},
 author = {Jean-Christophe Domec and John S. King and Asko Noormets and Emrys Treasure and Michael J. Gavazzi and Ge Sun and Steven G. McNulty},
 journal = {The New Phytologist},
 number = {1},
 pages = {171-183},
 publisher = {[Wiley, New Phytologist Trust]},
 title = {Hydraulic redistribution of soil water by roots affects whole-stand evapotranspiration and net ecosystem carbon exchange},
 volume = {187},
 year = {2010},
 doi = {10.1111/j.1469-8137.2010.03245.x},
}


@article{farquhar1980,
 ISSN = {00320935, 14322048},
 URL = {http://www.jstor.org/stable/23374770},
 author = {G. D. Farquhar and S. von Caemmerer and J. A. Berry},
 journal = {Planta},
 number = {1},
 pages = {78-90},
 doi = {10.1007/BF00386231},
 publisher = {Springer},
 title = {A Biochemical Model of Photosynthetic CO$_2$
          Assimilation in Leaves of C$_3$ Species},
 volume = {149},
 year = {1980}
}


@article {gentine2016,
author = {Gentine, Pierre and Guérin, Marceau and Uriarte, María and McDowell, Nate G. and Pockman, Willam T.},
title = {An allometry-based model of the survival strategies of hydraulic failure and carbon starvation},
journal = {Ecohydrology},
volume = {9},
number = {3},
issn = {1936-0592},
url = {http://dx.doi.org/10.1002/eco.1654},
doi = {10.1002/eco.1654},
pages = {529-546},
keywords = {cavitation, embolism, carbon starvation, physical model, allometry, tree diameter, isohydric anoisohydric},
year = {2016},
}

@article {green2017,
author = {Green, Julia K. and Konings, Alexandra G. and Alemohammad, Seyed Hamed and Berry, Joseph and Entekhabi, Dara and Kolassa, Jana and Lee, Jung-Eun and Gentine, Pierre},
title = {Regionally strong feedbacks between the atmosphere and terrestrial biosphere},
journal = {Nature Geoscience},
volume = {10},
number = {6},
doi = {10.1038/ngeo2957},
pages = {410-414},
year = {2017},
}

@article {harley1992,
author = {Harley, P. C. and Thomas, R. B. and Reynolds, J. F. and Strain, B. R.},
title = {Modelling photosynthesis of cotton grown in elevated CO2},
journal = {Plant Cell Environment},
volume = {15},
number = {3},
doi = {10.1111/j.1365-3040.1992.tb00974.x},
pages = {271--282},
keywords = {Gossypium hirsutum L., Malvaceae, cotton, CO2 assimilation, modelling, nitrogen, photosynthesis},
year = {1992},
}
@article {holbrook2001,
	author = {Holbrook, N. Michele and Ahrens, Eric T. and Burns, Michael J. and Zwieniecki, Maciej A.},
	title = {In Vivo Observation of Cavitation and Embolism Repair Using Magnetic Resonance Imaging},
	volume = {126},
	number = {1},
	pages = {27--31},
	year = {2001},
	doi = {10.1104/pp.126.1.27},
	publisher = {American Society of Plant Biologists},
	issn = {0032-0889},
	URL = {http://www.plantphysiol.org/content/126/1/27},
	journal = {Plant Physiology}
}

@Article{jackson1996,
author="Jackson, R. B.
and Canadell, J.
and Ehleringer, J. R.
and Mooney, H. A.
and Sala, O. E.
and Schulze, E. D.",
title="A global analysis of root distributions for terrestrial biomes",
journal="Oecologia",
year="1996",
month="Nov",
day="01",
volume="108",
number="3",
pages="389--411",
issn="1432-1939",
doi="10.1007/BF00333714",
}


@article {kattge2011,
author = {Kattge, J. and DÍAz, S. and Lavorel, S. and Prentice, I. C. and Leadley, P. and BÖNisch, G. and Garnier, E. and Westoby, M. and Reich, P. B. and Wright, I. J. and Cornelissen, J. H. C. and Violle, C. and Harrison, S. P. and Van Bodegom, P. M. and ReichSTEIN, M. and Enquist, B. J. and Soudzilovskaia, N. A. and Ackerly, D. D. and Anand, M. and Atkin, O. and Bahn, M. and Baker, T. R. and Baldocchi, D. and Bekker, R. and Blanco, C. C. and Blonder, B. and Bond, W. J. and Bradstock, R. and Bunker, D. E. and Casanoves, F. and Cavender-Bares, J. and Chambers, J. Q. and Chapin Iii, F. S. and Chave, J. and Coomes, D. and Cornwell, W. K. and Craine, J. M. and Dobrin, B. H. and Duarte, L. and Durka, W. and Elser, J. and Esser, G. and Estiarte, M. and Fagan, W. F. and Fang, J. and FernÁNdez-MÉNdez, F. and Fidelis, A. and Finegan, B. and Flores, O. and Ford, H. and Frank, D. and Freschet, G. T. and Fyllas, N. M. and Gallagher, R. V. and Green, W. A. and Gutierrez, A. G. and Hickler, T. and Higgins, S. I. and Hodgson, J. G. and Jalili, A. and Jansen, S. and Joly, C. A. and Kerkhoff, A. J. and Kirkup, D. and Kitajima, K. and Kleyer, M. and Klotz, S. and Knops, J. M. H. and Kramer, K. and KÜHn, I. and Kurokawa, H. and Laughlin, D. and Lee, T. D. and Leishman, M. and Lens, F. and Lenz, T. and Lewis, S. L. and Lloyd, J. and LlusiÀ, J. and Louault, F. and Ma, S. and MaHECHA, M. D. and MaNNING, P. and MaSSAD, T. and Medlyn, B. E. and Messier, J. and Moles, A. T. and MÜLler, S. C. and Nadrowski, K. and Naeem, S. and Niinemets, Ü. and NÖLlerT, S. and NÜSke, A. and Ogaya, R. and Oleksyn, J. and Onipchenko, V. G. and Onoda, Y. and OrdoÑEz, J. and Overbeck, G. and Ozinga, W. A. and PatiÑO, S. and Paula, S. and Pausas, J. G. and PeÑUelas, J. and Phillips, O. L. and Pillar, V. and Poorter, H. and Poorter, L. and Poschlod, P. and Prinzing, A. and Proulx, R. and Rammig, A. and Reinsch, S. and Reu, B. and Sack, L. and Salgado-Negret, B. and Sardans, J. and Shiodera, S. and Shipley, B. and Siefert, A. and Sosinski, E. and Soussana, J.-F. and Swaine, E. and Swenson, N. and Thompson, K. and Thornton, P. and Waldram, M. and Weiher, E. and White, M. and White, S. and Wright, S. J. and Yguel, B. and Zaehle, S. and Zanne, A. E. and Wirth, C.},
title = {TRY – a global database of plant traits},
journal = {Global Change Biology},
volume = {17},
number = {9},
publisher = {Blackwell Publishing Ltd},
issn = {1365-2486},
url = {http://dx.doi.org/10.1111/j.1365-2486.2011.02451.x},
doi = {10.1111/j.1365-2486.2011.02451.x},
pages = {2905--2935},
keywords = {comparative ecology, database, environmental gradient, functional diversity, global analysis, global change, interspecific variation, intraspecific variation, plant attribute, plant functional type, plant trait, vegetation model},
year = {2011},
}

@article {Konings2017a,
author = {Konings, Alexandra G. and Gentine, Pierre},
title = {Global variations in ecosystem-scale isohydricity},
journal = {Global Change Biology},
volume = {23},
number = {2},
issn = {1365-2486},
url = {http://dx.doi.org/10.1111/gcb.13389},
doi = {10.1111/gcb.13389},
pages = {891--905},
keywords = {diurnal cycle, drought stress, isohydricity, leaf water potential, stomatal closure, vegetation height, vegetation optical depth, water use efficiency},
year = {2017},
}

@article {konings2017,
author = {Konings, A. G. and Williams, A. P. and Gentine, P.},
title = {Sensitivity of grassland productivity to aridity controlled by stomatal and xylem regulation},
journal = {Nature Geoscience},
volume = {10},
number = {4},
doi = {10.1038/ngeo2903},
pages = {284-288},
year = {2017},
}

@article{lee2005,
 ISSN = {00278424},
 URL = {http://www.jstor.org/stable/4152769},
 author = {Jung-Eun Lee and Rafael S. Oliveira and Todd E. Dawson and Inez Fung},
 journal = {Proceedings of the National Academy of Sciences of the United States of America},
 number = {49},
 pages = {17576-17581},
 publisher = {National Academy of Sciences},
 title = {Root functioning modifies seasonal climate},
 volume = {102},
 year = {2005},
 doi = {10.1073/pnas.0508785102},
}


@article {mackay2015,
author = {Mackay, D. Scott and Roberts, David E. and Ewers, Brent E. and Sperry, John S. and McDowell, Nathan G. and Pockman, William T.},
title = {Interdependence of chronic hydraulic dysfunction and canopy processes can improve integrated models of tree response to drought},
journal = {Water Resources Research},
volume = {51},
number = {8},
issn = {1944-7973},
url = {http://dx.doi.org/10.1002/2015WR017244},
doi = {10.1002/2015WR017244},
pages = {6156--6176},
keywords = {Plant ecology, Eco-hydrology, Modeling, Drought, hydraulic traits, stomatal conductance, photosynthesis, xylem cavitation, drought},
year = {2015},
}

@article{manzoni2011,
 ISSN = {02698463, 13652435},
 URL = {http://www.jstor.org/stable/41239280},
 author = {Stefano Manzoni and Giulia Vico and Gabriel Katul and Philip A. Fay and Wayne Polley and Sari Palmroth and Amilcare Porporato},
 journal = {Functional Ecology},
 number = {3},
 pages = {456-467},
 publisher = {British Ecological Society},
 title = {Optimizing stomatal conductance for maximum carbon gain under water stress: a meta-analysis across plant functional types and climates},
 volume = {25},
 year = {2011},
 doi = {10.1111/j.1365-2435.2010.01822.x}
}


@article {mcdowell2013,
author = {McDowell, Nate G. and Fisher, Rosie A. and Xu, Chonggang and Domec, J. C. and Hölttä, Teemu and Mackay, D. Scott and Sperry, John S. and Boutz, Amanda and Dickman, Lee and Gehres, Nathan and Limousin, Jean Marc and Macalady, Alison and Martínez-Vilalta, Jordi and Mencuccini, Maurizio and Plaut, Jennifer A. and Ogée, Jérôme and Pangle, Robert E. and Rasse, Daniel P. and Ryan, Michael G. and Sevanto, Sanna and Waring, Richard H. and Williams, A. Park and Yepez, Enrico A. and Pockman, William T.},
title = {Evaluating theories of drought-induced vegetation mortality using a multimodel–experiment framework},
journal = {New Phytologist},
volume = {200},
number = {2},
issn = {1469-8137},
url = {http://dx.doi.org/10.1111/nph.12465},
doi = {10.1111/nph.12465},
pages = {304--321},
keywords = {carbon starvation, cavitation, die-off, dynamic global vegetation models (DGVMs), hydraulic failure, photosynthesis, process-based models},
year = {2013},
}

@article {mcdowell2016,
author = { McDowell, N. G. and Williams, A. P. and Xu, C. and Pockman, W. T. and Dickman, L. T. and Sevanto, S. and Pangle, R. and Limousin, J. and Plaut, J. and Mackay, D. S. and Ogee, J. and Domec, J. C. and Allen, C. D. and Fisher, R. A. and Jiang, X. and Muss, J. D. and Breshears, D. D. and Rauscher, S. A. and Koven, C.},
title = {Multi-scale predictions of massive conifer mortality due to chronic temperature rise},
journal = {Nature Climate Change},
volume = {6},
issue = {3},
pages = {295-300},
doi = {10.1038/nclimate2873},
url = {http://www.nature.com/nclimate/journal/v6/n3/abs/nclimate2873.html},
year = {2016},
}


@article {medlyn2011,
author = {Medlyn, Belinda E. and Duursma, Remko A. and Eamus, Derek and Ellsworth, David S. and Prentice, I. Colin and Barton, Craig V. M. and Crous, Kristine Y. and De Angelis, Paolo and Freeman, Michael and Wingate, Lisa},
title = {Reconciling the optimal and empirical approaches to modelling stomatal conductance},
journal = {Global Change Biology},
volume = {17},
number = {6},
publisher = {Blackwell Publishing Ltd},
issn = {1365-2486},
url = {http://dx.doi.org/10.1111/j.1365-2486.2010.02375.x},
doi = {10.1111/j.1365-2486.2010.02375.x},
pages = {2134--2144},
keywords = {coupled conductance and photosynthesis models, marginal water cost of carbon, stomatal conductance, stomatal optimization},
year = {2011},
}

@article {meinzer2009,
author = {Meinzer, Frederick C. and Johnson, Daniel M. and Lachenbruch, Barbara and McCulloh, Katherine A. and Woodruff, David R.},
title = {Xylem hydraulic safety margins in woody plants: coordination of stomatal control of xylem tension with hydraulic capacitance},
journal = {Functional Ecology},
volume = {23},
number = {5},
publisher = {Blackwell Publishing Ltd},
issn = {1365-2435},
doi = {10.1111/j.1365-2435.2009.01577.x},
pages = {922--930},
keywords = {hydraulic architecture, xylem embolism, plant–water relations, transpiration},
year = {2009},
}

@article {novick2016a,
author = {Novick, Kimberly A. and Miniat, Chelcy F. and Vose, James M.},
title = {Drought limitations to leaf-level gas exchange: results from a model linking stomatal optimization and cohesion-tension theory},
journal = {Plant, Cell \& Environment},
volume = {39},
number = {3},
issn = {1365-3040},
doi = {10.1111/pce.12657},
pages = {583--596},
keywords = {stomatal conductance, transpiration, isohydric, anisohydric, water use efficiency, capacitance},
year = {2016},
}

@article{novick2016b,
author={Novick,Kimberly A. and Ficklin,Darren L. and Stoy,Paul C. and Williams,Christopher A. and Bohrer,Gil and Oishi,A  and Papuga,Shirley A. and Blanken,Peter D. and Noormets,Asko and Sulman,Benjamin N. and Scott,Russell L. and Wang,Lixin and Phillips,Richard P.},
year={2016},
month={11},
title={The increasing importance of atmospheric demand for ecosystem water and carbon fluxes},
journal={Nature Climate Change},
volume={6},
number={11},
pages={1023-1027},
keywords={Meteorology},
isbn={1758678X},
language={English},
}
@article{oleson2013,
author = {Oleson, Keith W. and Lawrence, David M. and Bonan, Gordon B. and Drewniak, Beth and  Huang, Maoyi and Koven, Charles D. and Levis, Samuel and Li, Fang and Riley, William J. and Subin, Zachary M. and Swenson, Sean C. and Thornton, Peter E. and Bozbiyik, Anil and Fisher, Rosie and Heald, Colette L. and Kluzek, Erik and Lamarque, Jean-Francois and Lawrence, Peter J. and Leung, L. Ruby and Lipscomb, William and Muszala, Stefan and Ricciuto, Daniel M. and Sacks, William and Sun, Ying and Tang, Jinyun and Yang, Zong-Liang},
title = {Technical description of version 4.5 of the Community Land Model (CLM), {NCAR Tech. Note NCAR/TN-503+STR}},
journal = {National Center for Atmospheric Research, Boulder, Colorado, 420 pp.},
url = {http://opensky.ucar.edu/islandora/object/technotes:515},
doi = {10.5065/D6RR1W7M},
year = {2013},
}

@article{oliveira2005,
 ISSN = {00298549, 14321939},
 URL = {http://www.jstor.org/stable/20062426},
 author = {Rafael S. Oliveira and Todd E. Dawson and Stephen S. O. Burgess and Daniel C. Nepstad},
 journal = {Oecologia},
 number = {3},
 pages = {354-363},
 publisher = {Springer},
 title = {Hydraulic redistribution in three amazonian trees},
 volume = {145},
 year = {2005},
 doi = {10.1007/s00442-005-0108-2},
}


@article {powell2013,
author = {Powell, Thomas L. and Galbraith, David R. and Christoffersen, Bradley O. and Harper, Anna and Imbuzeiro, Hewlley M. A. and Rowland, Lucy and Almeida, Samuel and Brando, Paulo M. and da Costa, Antonio Carlos Lola and Costa, Marcos Heil and Levine, Naomi M. and Malhi, Yadvinder and Saleska, Scott R. and Sotta, Eleneide and Williams, Mathew and Meir, Patrick and Moorcroft, Paul R.},
title = {Confronting model predictions of carbon fluxes with measurements of Amazon forests subjected to experimental drought},
journal = {New Phytologist},
volume = {200},
number = {2},
issn = {1469-8137},
doi = {10.1111/nph.12390},
pages = {350--365},
keywords = {Amazon, carbon cycle, drought, terrestrial biosphere model, throughfall exclusion, tropical rainforest},
year = {2013},
}

@article {restrepo2017,
author = {Restrepo-Coupe, Natalia and Levine, Naomi M. and Christoffersen, Bradley O. and Albert, Loren P. and Wu, Jin and Costa, Marcos H. and Galbraith, David and Imbuzeiro, Hewlley and Martins, Giordane and da Araujo, Alessandro C. and Malhi, Yadvinder S. and Zeng, Xubin and Moorcroft, Paul and Saleska, Scott R.},
title = {Do dynamic global vegetation models capture the seasonality of carbon fluxes in the Amazon basin? A data-model intercomparison},
journal = {Global Change Biology},
volume = {23},
number = {1},
issn = {1365-2486},
doi = {10.1111/gcb.13442},
pages = {191-208},
keywords = {Amazonia, carbon dynamics, dynamic global vegetation models, ecosystem–climate interactions, eddy covariance, seasonality, tropical forests phenology},
year = {2017},
}

@article{sack2002,
 URL = {http://www.jstor.org/stable/23697621},
 author = {Lawren Sack and Peter J. Melcher and Maciej A. Zwieniecki and N. Michele Holbrook},
 journal = {Journal of Experimental Botany},
 number = {378},
 pages = {2177-2184},
 publisher = {Oxford University Press},
 title = {The hydraulic conductance of the angiosperm leaf lamina: a comparison of three measurement methods},
 volume = {53},
 year = {2002}
}


@article{scholz2011,
author="Scholz, Fabian G.
and Phillips, Nathan G.
and Bucci, Sandra J.
and Meinzer, Frederick C.
and Goldstein, Guillermo",
title="Hydraulic Capacitance: Biophysics and Functional Significance of Internal Water Sources",
journal="\emph{in Meinzer, F.C., Lachenbruch, B., Dawson, T. E. (eds)} Size- and Age-Related Changes in Tree Structure and Function",
pages="341-361, Springer, Dordrecht",
year="2011",
}


@article{sellers1996a,
author = { P. J.  Sellers  and  D. A.  Randall  and  G. J.  Collatz  and  J. A.  Berry  and  C. B.  Field  and  D. A.  Dazlich  and  C.  Zhang  and  G. D.  Collelo  and  L.  Bounoua },
title = {a revised land surface parameterization (SiB2) for atmospheric GCMS. Part I: Model formulation},
journal = {Journal of Climate},
volume = {9},
number = {4},
pages = {676-705},
year = {1996a},
doi = {10.1175/1520-0442(1996)009$<$0676:ARLSPF$>$2.0.CO;2},
}
@article{sellers1996b,
author = { Piers J.  Sellers  and  Compton J.  Tucker  and  G. James  Collatz  and  Sietse O.  Los  and  Christopher O.  Justice  and  Donald A.  Dazlich  and  David A.  Randall },
title = {A revised land surface parameterization (SiB2) for atmospheric GCMS. Part II: The generation of global fields of terrestrial biophysical parameters from satellite data},
journal = {Journal of Climate},
volume = {9},
number = {4},
pages = {706-737},
year = {1996b},
doi = {{10.1175/1520-0442(1996)009$<$0706:ARLSPF$>$2.0.CO;2}},
}
@article{simonin2015,
author = {Simonin, Kevin A. and Burns, Emily and Choat, Brendan and Barbour, Margaret M. and Dawson, Todd E. and Franks, Peter J.},
title = {Increasing leaf hydraulic conductance with transpiration rate minimizes the water potential drawdown from stem to leaf},
journal = {Journal of Experimental Botany},
volume = {66},
number = {5},
pages = {1303-1315},
year = {2015},
doi = {10.1093/jxb/eru481},
}
@article {siqueira2008,
author = {Siqueira, Mario and Katul, Gabriel and Porporato, Amilcare},
title = {Onset of water stress, hysteresis in plant conductance, and hydraulic lift: Scaling soil water dynamics from millimeters to meters},
journal = {Water Resources Research},
volume = {44},
number = {1},
issn = {1944-7973},
url = {http://dx.doi.org/10.1029/2007WR006094},
doi = {10.1029/2007WR006094},
keywords = {Eco-hydrology, Plant uptake, Soil moisture, Vadose zone, hydraulic lift, root distribution, root water uptake, soil-plant hydrodynamics},
year = {2008},
pages = {W01432},
}

@article {sperry1998,
author = {Sperry, J. S. and Adler, F. R. and Campbell, G. S. and Comstock, J. P.},
title = {Limitation of plant water use by rhizosphere and xylem conductance: results from a model},
journal = {Plant Cell Environment},
volume = {21},
number = {4},
publisher = {Blackwell Publishing Ltd},
issn = {1365-3040},
url = {http://dx.doi.org/10.1046/j.1365-3040.1998.00287.x},
doi = {10.1046/j.1365-3040.1998.00287.x},
pages = {347-359},
keywords = {drought responses, hydraulic conductance, rhizosphere conductance, root–shoot ratio, soil–root interface, water relations, water transport, xylem cavitation},
year = {1998},
}

@article {sperry2002,
author = {Sperry, J. S. and Hacke, U. G. and Oren, R. and Comstock, J. P.},
title = {Water deficits and hydraulic limits to leaf water supply},
journal = {Plant, Cell \& Environment},
volume = {25},
number = {2},
publisher = {Blackwell Science Ltd},
issn = {1365-3040},
url = {http://dx.doi.org/10.1046/j.0016-8025.2001.00799.x},
doi = {10.1046/j.0016-8025.2001.00799.x},
pages = {251--263},
keywords = {drought responses, hydraulic architecture, plant–soil interactions, stomatal regulation, water relations, water transport, xylem cavitation},
year = {2002},
}

@article {sperry2015,
author = {Sperry, John S. and Love, David M.},
title = {What plant hydraulics can tell us about responses to climate-change droughts},
journal = {New Phytologist},
volume = {207},
number = {1},
issn = {1469-8137},
url = {http://dx.doi.org/10.1111/nph.13354},
doi = {10.1111/nph.13354},
pages = {14-27},
keywords = {climate-change drought, drought mortality, hydraulic limitation, modeling climate change impacts, plant drought responses, plant water transport, xylem cavitation, xylem transport},
year = {2015},
}

@article{thornton2007,
author = { Peter E.  Thornton  and  Niklaus E.  Zimmermann },
title = {An improved canopy integration scheme for a land surface model with prognostic canopy structure},
journal = {Journal of Climate},
volume = {20},
number = {15},
pages = {3902-3923},
year = {2007},
doi = {10.1175/JCLI4222.1},
URL = {https://doi.org/10.1175/JCLI4222.1},
}
@article{tyree1988,
 ISSN = {00320889, 15322548},
 URL = {http://www.jstor.org/stable/4271622},
 author = {Melvin T. Tyree and John S. Sperry},
 journal = {Plant Physiology},
 number = {3},
 pages = {574-580},
 publisher = {American Society of Plant Biologists (ASPB)},
 title = {Do woody plants operate near the point of catastrophic xylem dysfunction caused by dynamic water stress?: Answers from a model},
 volume = {88},
 year = {1988}
}


@article{tyree1989,
author = {M T Tyree and  J S Sperry},
title = {Vulnerability of Xylem to Cavitation and Embolism},
journal = {Annual Review of Plant Physiology and Plant Molecular Biology},
volume = {40},
number = {1},
pages = {19-36},
year = {1989},
doi = {10.1146/annurev.pp.40.060189.000315},
}
@article{verhoef2014,
title = "Modeling plant transpiration under limited soil water: Comparison of different plant and soil hydraulic parameterizations and preliminary implications for their use in land surface models ",
journal = "Agricultural and Forest Meteorology ",
volume = "191",
pages = "22-32",
year = "2014",
issn = "0168-1923",
doi = "https://doi.org/10.1016/j.agrformet.2014.02.009",
url = "http://www.sciencedirect.com/science/article/pii/S0168192314000483",
author = "Anne Verhoef and Gregorio Egea",
}
@article {williams1996,
author = {Williams, M. and Rastetter, E. B. and Fernandes, D. N. and Goulden, M. L. and Wofsy, S. C. and Shaver, G. R. and Melillo, J. M. and Munger, J. W. and Fan, S.-M. and Nadelhoffer, K. J.},
title = {Modelling the soil-plant-atmosphere continuum in a Quercus–Acer stand at Harvard Forest: the regulation of stomatal conductance by light, nitrogen and soil/plant hydraulic properties},
journal = {Plant, Cell \& Environment},
volume = {19},
number = {8},
publisher = {Blackwell Publishing Ltd},
issn = {1365-3040},
url = {http://dx.doi.org/10.1111/j.1365-3040.1996.tb00456.x},
doi = {10.1111/j.1365-3040.1996.tb00456.x},
pages = {911--927},
keywords = {Quercus rubra, Acer rubrum, soil-plant-atmosphere continuum model, photosynthesis, plant hydraulic conductance, stomatal conductance},
year = {1996},
}

@article{williams2001,
Author = {Williams, Mathew and Law, Beverly E. and Anthoni, Peter M. and Unsworth, Michael H.},
ISSN = {0829318X},
Journal = {Tree Physiology},
Keywords = {Effect of drought on plants, PHYSIOLOGY, Plant-water relationships, Forest ecology, Effect of carbon on plants, Ponderosa pine, carbon cycle, drought, ecosystem model, Pinus ponderosa, rooting depth, transpiration, vapor pressure deficit},
Number = {5},
Pages = {287 - 298},
Title = {Use of a simulation model and ecosystem flux data to examine carbon–water interactions in ponderosa pine.},
Volume = {21},
Year = {2001},
}
@article {xu2016,
author = {Xu, Xiangtao and Medvigy, David and Powers, Jennifer S. and Becknell, Justin M. and Guan, Kaiyu},
title = {Diversity in plant hydraulic traits explains seasonal and inter-annual variations of vegetation dynamics in seasonally dry tropical forests},
journal = {New Phytologist},
volume = {212},
number = {1},
issn = {1469-8137},
url = {http://dx.doi.org/10.1111/nph.14009},
doi = {10.1111/nph.14009},
pages = {80--95},
keywords = {diversity, Ecosystem Demography model 2 (ED2), plant functional trait, plant hydraulics, seasonally dry tropical forests, tropical phenology},
year = {2016},
note = {2015-20772},
}

@article{zhou2014,
author = {Zhou, Shuangxi and Medlyn, Belinda and Sabat\'{e}, Santiago and Sperlich, Dominik and Prentice, I. Colin and Whitehead, David},
title = {Short-term water stress impacts on stomatal, mesophyll and biochemical limitations to photosynthesis differ consistently among tree species from contrasting climates},
journal = {Tree Physiology},
volume = {34},
number = {10},
pages = {1035},
year = {2014},
doi = {10.1093/treephys/tpu072},
}
