@article {cook2015,
	author = {Cook, Benjamin I. and Ault, Toby R. and Smerdon, Jason E.},
	title = {Unprecedented 21st century drought risk in the {American Southwest} and {Central Plains}},
	volume = {1},
	number = {1},
	year = {2015},
	doi = {10.1126/sciadv.1400082},
	publisher = {American Association for the Advancement of Science},
	URL = {http://advances.sciencemag.org/content/1/1/e1400082},
	journal = {Science Advances}
}
