@Article{couvreur2012,
AUTHOR = {Couvreur, V. and Vanderborght, J. and Javaux, M.},
TITLE = {A simple three-dimensional macroscopic root water uptake model based on the hydraulic architecture approach},
JOURNAL = {Hydrology and Earth System Sciences},
VOLUME = {16},
YEAR = {2012},
NUMBER = {8},
PAGES = {2957--2971},
URL = {https://www.hydrol-earth-syst-sci.net/16/2957/2012/},
DOI = {10.5194/hess-16-2957-2012}
}