@article{dai2013,
author={Dai,Aiguo},
year={2013},
month={01},
title={Increasing drought under global warming in observations and models},
journal={Nature Climate Change},
volume={3},
number={1},
pages={52-58},
keywords={Meteorology},
isbn={1758678X},
language={English},
url={http://ezproxy.cul.columbia.edu/login?url=https://search.proquest.com/docview/1284370567?accountid=10226},
}
