@ARTICLE{entekhabi2010, 
author={D. Entekhabi and E. G. Njoku and P. E. O'Neill and K. H. Kellogg and W. T. Crow and W. N. Edelstein and J. K. Entin and S. D. Goodman and T. J. Jackson and J. Johnson and J. Kimball and J. R. Piepmeier and R. D. Koster and N. Martin and K. C. McDonald and M. Moghaddam and S. Moran and R. Reichle and J. C. Shi and M. W. Spencer and S. W. Thurman and L. Tsang and J. Van Zyl}, 
journal={Proceedings of the IEEE}, 
title={The Soil Moisture Active Passive (SMAP) Mission}, 
year={2010}, 
volume={98}, 
number={5}, 
pages={704-716}, 
keywords={data assimilation;floods;hydrological techniques;moisture measurement;radiometry;remote sensing by radar;soil;Earth land surface;L-band radar;NASA Earth observation satellite;National Research Council Decadal Survey;SMAP mission;Soil Moisture Active Passive mission;boreal latitude;carbon ecosystem exchange;carbon sink;carbon transfer;climate projection;data assimilation;drought monitoring;energy transfer;flood assessment;frozen land surface;mesh reflector antenna;natural hazards;radiometer instrument;root-zone soil moisture;soil moisture measurement;thawed land surface;weather prediction;Artificial satellites;Atmosphere;Atmospheric measurements;Land surface;Moisture measurement;Monitoring;Radar antennas;SMAP mission;Soil measurements;Soil moisture;Freeze/thaw;geoscience;microwave;remote sensing;soil moisture}, 
doi={10.1109/JPROC.2010.2043918}, 
ISSN={0018-9219}
}