@article{doi:10.1111/j.1469-8137.2006.01794.x,
author = {J. Flexas and M. Ribas-Carb\'o and J. Bota and J. Galm\'es and M. Henkle and S. Mart\'inez-Ca{\~n}ellas and H. Medrano},
title = {Decreased Rubisco activity during water stress is not induced by decreased relative water content but related to conditions of low stomatal conductance and chloroplast {CO2} concentration},
journal = {New Phytologist},
volume = {172},
number = {1},
pages = {73-82},
year = 2006,
keywords = {abscisic acid (ABA), relative water content (RWC), Rubisco activity, stomatal conductance, water stress},
doi = {10.1111/j.1469-8137.2006.01794.x},
url = {https://nph.onlinelibrary.wiley.com/doi/abs/10.1111/j.1469-8137.2006.01794.x},
eprint = {https://nph.onlinelibrary.wiley.com/doi/pdf/10.1111/j.1469-8137.2006.01794.x},
}