@article{flexas2012,
title = "Mesophyll diffusion conductance to CO2: An unappreciated central player in photosynthesis",
journal = "Plant Science",
volume = "193-194",
pages = "70 - 84",
year = "2012",
issn = "0168-9452",
doi = "https://doi.org/10.1016/j.plantsci.2012.05.009",
url = "http://www.sciencedirect.com/science/article/pii/S0168945212001069",
author = "Jaume Flexas and Margaret M. Barbour and Oliver Brendel and Hernán M. Cabrera and Marc Carriquí and Antonio Díaz-Espejo and Cyril Douthe and Erwin Dreyer and Juan P. Ferrio and Jorge Gago and Alexander Gallé and Jeroni Galmés and Naomi Kodama and Hipólito Medrano and Ülo Niinemets and José J. Peguero-Pina and Alicia Pou and Miquel Ribas-Carbó and Magdalena Tomás and Tiina Tosens and Charles R. Warren",
keywords = "Aquaporins, Climate change, Conductance, Diffusion, Leaf anatomy, Plant hydraulics, Photosynthesis"
}