@article {kattge2011,
author = {Kattge, J. and DÍAz, S. and Lavorel, S. and Prentice, I. C. and Leadley, P. and BÖNisch, G. and Garnier, E. and Westoby, M. and Reich, P. B. and Wright, I. J. and Cornelissen, J. H. C. and Violle, C. and Harrison, S. P. and Van Bodegom, P. M. and ReichSTEIN, M. and Enquist, B. J. and Soudzilovskaia, N. A. and Ackerly, D. D. and Anand, M. and Atkin, O. and Bahn, M. and Baker, T. R. and Baldocchi, D. and Bekker, R. and Blanco, C. C. and Blonder, B. and Bond, W. J. and Bradstock, R. and Bunker, D. E. and Casanoves, F. and Cavender-Bares, J. and Chambers, J. Q. and Chapin Iii, F. S. and Chave, J. and Coomes, D. and Cornwell, W. K. and Craine, J. M. and Dobrin, B. H. and Duarte, L. and Durka, W. and Elser, J. and Esser, G. and Estiarte, M. and Fagan, W. F. and Fang, J. and FernÁNdez-MÉNdez, F. and Fidelis, A. and Finegan, B. and Flores, O. and Ford, H. and Frank, D. and Freschet, G. T. and Fyllas, N. M. and Gallagher, R. V. and Green, W. A. and Gutierrez, A. G. and Hickler, T. and Higgins, S. I. and Hodgson, J. G. and Jalili, A. and Jansen, S. and Joly, C. A. and Kerkhoff, A. J. and Kirkup, D. and Kitajima, K. and Kleyer, M. and Klotz, S. and Knops, J. M. H. and Kramer, K. and KÜHn, I. and Kurokawa, H. and Laughlin, D. and Lee, T. D. and Leishman, M. and Lens, F. and Lenz, T. and Lewis, S. L. and Lloyd, J. and LlusiÀ, J. and Louault, F. and Ma, S. and MaHECHA, M. D. and MaNNING, P. and MaSSAD, T. and Medlyn, B. E. and Messier, J. and Moles, A. T. and MÜLler, S. C. and Nadrowski, K. and Naeem, S. and Niinemets, Ü. and NÖLlerT, S. and NÜSke, A. and Ogaya, R. and Oleksyn, J. and Onipchenko, V. G. and Onoda, Y. and OrdoÑEz, J. and Overbeck, G. and Ozinga, W. A. and PatiÑO, S. and Paula, S. and Pausas, J. G. and PeÑUelas, J. and Phillips, O. L. and Pillar, V. and Poorter, H. and Poorter, L. and Poschlod, P. and Prinzing, A. and Proulx, R. and Rammig, A. and Reinsch, S. and Reu, B. and Sack, L. and Salgado-Negret, B. and Sardans, J. and Shiodera, S. and Shipley, B. and Siefert, A. and Sosinski, E. and Soussana, J.-F. and Swaine, E. and Swenson, N. and Thompson, K. and Thornton, P. and Waldram, M. and Weiher, E. and White, M. and White, S. and Wright, S. J. and Yguel, B. and Zaehle, S. and Zanne, A. E. and Wirth, C.},
title = {TRY – a global database of plant traits},
journal = {Global Change Biology},
volume = {17},
number = {9},
publisher = {Blackwell Publishing Ltd},
issn = {1365-2486},
url = {http://dx.doi.org/10.1111/j.1365-2486.2011.02451.x},
doi = {10.1111/j.1365-2486.2011.02451.x},
pages = {2905--2935},
keywords = {comparative ecology, database, environmental gradient, functional diversity, global analysis, global change, interspecific variation, intraspecific variation, plant attribute, plant functional type, plant trait, vegetation model},
year = {2011},
}
