@article{manzoni2011,
 ISSN = {02698463, 13652435},
 URL = {http://www.jstor.org/stable/41239280},
 author = {Stefano Manzoni and Giulia Vico and Gabriel Katul and Philip A. Fay and Wayne Polley and Sari Palmroth and Amilcare Porporato},
 journal = {Functional Ecology},
 number = {3},
 pages = {456-467},
 publisher = {British Ecological Society},
 title = {Optimizing stomatal conductance for maximum carbon gain under water stress: a meta-analysis across plant functional types and climates},
 volume = {25},
 year = {2011},
 doi = {10.1111/j.1365-2435.2010.01822.x}
}

