@article {mcdowell2013,
author = {McDowell, Nate G. and Fisher, Rosie A. and Xu, Chonggang and Domec, J. C. and Hölttä, Teemu and Mackay, D. Scott and Sperry, John S. and Boutz, Amanda and Dickman, Lee and Gehres, Nathan and Limousin, Jean Marc and Macalady, Alison and Martínez-Vilalta, Jordi and Mencuccini, Maurizio and Plaut, Jennifer A. and Ogée, Jérôme and Pangle, Robert E. and Rasse, Daniel P. and Ryan, Michael G. and Sevanto, Sanna and Waring, Richard H. and Williams, A. Park and Yepez, Enrico A. and Pockman, William T.},
title = {Evaluating theories of drought-induced vegetation mortality using a multimodel–experiment framework},
journal = {New Phytologist},
volume = {200},
number = {2},
issn = {1469-8137},
url = {http://dx.doi.org/10.1111/nph.12465},
doi = {10.1111/nph.12465},
pages = {304--321},
keywords = {carbon starvation, cavitation, die-off, dynamic global vegetation models (DGVMs), hydraulic failure, photosynthesis, process-based models},
year = {2013},
}
