@article{meinzer2004,
author = {Meinzer, Frederick C. and James, Shelley A. and Goldstein, Guillermo},
title = {Dynamics of transpiration, sap flow and use of stored water in tropical forest canopy trees},
journal = {Tree Physiology},
volume = {24},
number = {8},
pages = {901-909},
year = {2004},
doi = {10.1093/treephys/24.8.901},
URL = { + http://dx.doi.org/10.1093/treephys/24.8.901},
}