@article{scholz2011,
author="Scholz, Fabian G.
and Phillips, Nathan G.
and Bucci, Sandra J.
and Meinzer, Frederick C.
and Goldstein, Guillermo",
title="Hydraulic Capacitance: Biophysics and Functional Significance of Internal Water Sources",
journal="\emph{in Meinzer, F.C., Lachenbruch, B., Dawson, T. E. (eds)} Size- and Age-Related Changes in Tree Structure and Function",
pages="341-361, Springer, Dordrecht",
year="2011",
}

