@article{sheffield2012,
author={Sheffield,Justin and Wood,Eric F. and Roderick,Michael L.},
year={2012},
month={Nov 15},
title={Little change in global drought over the past 60 years},
journal={Nature},
volume={491},
number={7424},
pages={435-8},
keywords={Environmental Studies; Climate change; Studies; Models; Trends; Remote sensing; United States--US; Australia; Temperature; Time Factors; Models, Theoretical; Global Warming; Droughts -- statistics & numerical data},
isbn={00280836},
language={English},
url={http://ezproxy.cul.columbia.edu/login?url=https://search-proquest-com.ezproxy.cul.columbia.edu/docview/1223498983?accountid=10226},
}