@article {anderegg2013,
author = {Anderegg, William R. L. and Plavcov\'a, Lenka and Anderegg, Leander D. L. and Hacke, Uwe G. and Berry, Joseph A. and Field, Christopher B.},
title = {Drought's legacy: multiyear hydraulic deterioration underlies widespread aspen forest die-off and portends increased future risk},
journal = {Global Change Biology},
volume = {19},
number = {4},
issn = {1365-2486},
url = {http://dx.doi.org/10.1111/gcb.12100},
doi = {10.1111/gcb.12100},
pages = {1188--1196},
keywords = {biosphereâ€“atmosphere interactions, climate change, ecosystem shift, forest mortality, vegetation model, xylem cavitation},
year = {2013},
}
