@article{cai2014,
author={Cai,Wenju and Borlace,Simon and Lengaigne,Matthieu and Van Rensch,Peter and Collins,Mat and Vecchi,Gabriel and Timmermann,Axel and Santoso,Agus and Mcphaden,Michael J. and Wu,Lixin and England,Matthew H. and Wang,Guojian and Guilyardi,Eric and Jin,Fei-fei},
year={2014},
month={02},
title={Increasing frequency of extreme {E}l {N}i\~no events due to greenhouse warming},
journal={Nature Climate Change},
volume={4},
number={2},
pages={111-116},
keywords={Meteorology},
isbn={1758678X},
language={English},
}