@article {franks2007,
author = {Franks, Peter J. and Drake, Paul L. and Froend, Ray H.},
title = {Anisohydric but isohydrodynamic: seasonally constant plant water potential gradient explained by a stomatal control mechanism incorporating variable plant hydraulic conductance},
journal = {Plant, Cell \& Environment},
volume = {30},
number = {1},
publisher = {Blackwell Publishing Ltd},
issn = {1365-3040},
url = {http://dx.doi.org/10.1111/j.1365-3040.2006.01600.x},
doi = {10.1111/j.1365-3040.2006.01600.x},
pages = {19--30},
keywords = {isohydric, stomata, water relations, xylem},
year = {2007},
}
