@article {siqueira2008,
author = {Siqueira, Mario and Katul, Gabriel and Porporato, Amilcare},
title = {Onset of water stress, hysteresis in plant conductance, and hydraulic lift: Scaling soil water dynamics from millimeters to meters},
journal = {Water Resources Research},
volume = {44},
number = {1},
issn = {1944-7973},
url = {http://dx.doi.org/10.1029/2007WR006094},
doi = {10.1029/2007WR006094},
keywords = {Eco-hydrology, Plant uptake, Soil moisture, Vadose zone, hydraulic lift, root distribution, root water uptake, soil-plant hydrodynamics},
year = {2008},
pages = {W01432},
}
