@article {sperry2002,
author = {Sperry, J. S. and Hacke, U. G. and Oren, R. and Comstock, J. P.},
title = {Water deficits and hydraulic limits to leaf water supply},
journal = {Plant, Cell \& Environment},
volume = {25},
number = {2},
publisher = {Blackwell Science Ltd},
issn = {1365-3040},
url = {http://dx.doi.org/10.1046/j.0016-8025.2001.00799.x},
doi = {10.1046/j.0016-8025.2001.00799.x},
pages = {251--263},
keywords = {drought responses, hydraulic architecture, plantâ€“soil interactions, stomatal regulation, water relations, water transport, xylem cavitation},
year = {2002},
}
