@article{tyree1988,
 ISSN = {00320889, 15322548},
 URL = {http://www.jstor.org/stable/4271622},
 author = {Melvin T. Tyree and John S. Sperry},
 journal = {Plant Physiology},
 number = {3},
 pages = {574-580},
 publisher = {American Society of Plant Biologists (ASPB)},
 title = {Do woody plants operate near the point of catastrophic xylem dysfunction caused by dynamic water stress?: Answers from a model},
 volume = {88},
 year = {1988}
}

