@article{zhou2014,
author = {Zhou, Shuangxi and Medlyn, Belinda and Sabat\'{e}, Santiago and Sperlich, Dominik and Prentice, I. Colin and Whitehead, David},
title = {Short-term water stress impacts on stomatal, mesophyll and biochemical limitations to photosynthesis differ consistently among tree species from contrasting climates},
journal = {Tree Physiology},
volume = {34},
number = {10},
pages = {1035},
year = {2014},
doi = {10.1093/treephys/tpu072},
}